@book{menezes1996handbook,
	title={Handbook of applied cryptography},
	author={Menezes, Alfred J and Katz, Jonathan and Van Oorschot, Paul C and Vanstone, Scott A},
	year={1996},
	publisher={CRC press}
}


